<record xmlns="http://www.loc.gov/MARC21/slim">
  <leader>01486ccm a2200433 a 4500</leader>
  <controlfield tag="001">u6151131</controlfield>
  <controlfield tag="003">SIRSI</controlfield>
  <controlfield tag="005">20131106083600.0</controlfield>
  <controlfield tag="008">121002t20122005nyuopa         n    eng c</controlfield>
  <datafield tag="019" ind1=" " ind2=" ">
    <subfield code="a">813393822</subfield>
  </datafield>
  <datafield tag="020" ind1=" " ind2=" ">
    <subfield code="a">147681435X</subfield>
  </datafield>
  <datafield tag="020" ind1=" " ind2=" ">
    <subfield code="a">9781476814353</subfield>
  </datafield>
  <datafield tag="024" ind1="1" ind2="0">
    <subfield code="a">884088675325</subfield>
  </datafield>
  <datafield tag="024" ind1="2" ind2=" ">
    <subfield code="a">M051097142</subfield>
  </datafield>
  <datafield tag="024" ind1="3" ind2="0">
    <subfield code="a">9790051097142</subfield>
  </datafield>
  <datafield tag="028" ind1="3" ind2="2">
    <subfield code="a">HL48022543</subfield>
    <subfield code="b">Hal Leonard</subfield>
  </datafield>
  <datafield tag="035" ind1=" " ind2=" ">
    <subfield code="a">(OCoLC)813392139</subfield>
    <subfield code="z">(OCoLC)813393822</subfield>
  </datafield>
  <datafield tag="040" ind1=" " ind2=" ">
    <subfield code="a">TDF</subfield>
    <subfield code="b">eng</subfield>
    <subfield code="c">TDF</subfield>
    <subfield code="d">KLM</subfield>
    <subfield code="d">COO</subfield>
    <subfield code="d">NOC</subfield>
    <subfield code="d">PAU</subfield>
    <subfield code="d">YDXCP</subfield>
    <subfield code="d">BTCTA</subfield>
  </datafield>
  <datafield tag="042" ind1=" " ind2=" ">
    <subfield code="a">pcc</subfield>
  </datafield>
  <datafield tag="045" ind1="0" ind2=" ">
    <subfield code="b">d20050524</subfield>
  </datafield>
  <datafield tag="090" ind1=" " ind2=" ">
    <subfield code="a">M1500.A584</subfield>
    <subfield code="b">D6 2012</subfield>
  </datafield>
  <datafield tag="100" ind1="1" ind2=" ">
    <subfield code="a">Adams, John,</subfield>
    <subfield code="d">1947-</subfield>
  </datafield>
  <datafield tag="240" ind1="1" ind2="0">
    <subfield code="a">Doctor Atomic</subfield>
  </datafield>
  <datafield tag="245" ind1="1" ind2="0">
    <subfield code="a">Doctor Atomic :</subfield>
    <subfield code="b">opera in two acts /</subfield>
    <subfield code="c">John Adams ; libretto by Peter Sellars drawn from original sources.</subfield>
  </datafield>
  <datafield tag="246" ind1="3" ind2=" ">
    <subfield code="a">Dr. Atomic</subfield>
  </datafield>
  <datafield tag="250" ind1=" " ind2=" ">
    <subfield code="a">Archive ed.</subfield>
  </datafield>
  <datafield tag="254" ind1=" " ind2=" ">
    <subfield code="a">Full score.</subfield>
  </datafield>
  <datafield tag="260" ind1=" " ind2=" ">
    <subfield code="a">[New York] :</subfield>
    <subfield code="b">Hendon Music :</subfield>
    <subfield code="b">Boosey &amp; Hawkes ;</subfield>
    <subfield code="a">Milwaukee, WI :</subfield>
    <subfield code="b">distributed by Hal Leonard,</subfield>
    <subfield code="c">[2012], c2005.</subfield>
  </datafield>
  <datafield tag="300" ind1=" " ind2=" ">
    <subfield code="a">1 score (556 p.) ;</subfield>
    <subfield code="c">43 cm.</subfield>
  </datafield>
  <datafield tag="500" ind1=" " ind2=" ">
    <subfield code="a">At end: &quot;Berkeley, CA, May 24, 2005.&quot;</subfield>
  </datafield>
  <datafield tag="546" ind1=" " ind2=" ">
    <subfield code="a">English words.</subfield>
  </datafield>
  <datafield tag="650" ind1=" " ind2="0">
    <subfield code="a">Operas</subfield>
    <subfield code="v">Scores.</subfield>
  </datafield>
  <datafield tag="600" ind1="1" ind2="0">
    <subfield code="a">Oppenheimer, J. Robert,</subfield>
    <subfield code="d">1904-1967</subfield>
    <subfield code="v">Drama.</subfield>
  </datafield>
  <datafield tag="610" ind1="2" ind2="0">
    <subfield code="a">Manhattan Project (U.S.)</subfield>
    <subfield code="v">Drama.</subfield>
  </datafield>
  <datafield tag="700" ind1="1" ind2=" ">
    <subfield code="a">Sellars, Peter,</subfield>
    <subfield code="e">librettist.</subfield>
  </datafield>
  <datafield tag="994" ind1=" " ind2=" ">
    <subfield code="a">Z0</subfield>
    <subfield code="b">VA@</subfield>
  </datafield>
  <datafield tag="596" ind1=" " ind2=" ">
    <subfield code="a">12</subfield>
  </datafield>
  <datafield tag="999" ind1=" " ind2=" ">
    <subfield code="a">M1500 .A584 D6 2012</subfield>
    <subfield code="w">LC</subfield>
    <subfield code="c">1</subfield>
    <subfield code="i">X030315253</subfield>
    <subfield code="d">12/9/2013</subfield>
    <subfield code="e">12/9/2013</subfield>
    <subfield code="k">CHECKEDOUT</subfield>
    <subfield code="l">OVERSIZE</subfield>
    <subfield code="m">MUSIC</subfield>
    <subfield code="n">2</subfield>
    <subfield code="r">M</subfield>
    <subfield code="s">Y</subfield>
    <subfield code="t">MUSI-SCORE</subfield>
    <subfield code="u">11/6/2013</subfield>
    <subfield code="x">MEMBERCOPY</subfield>
    <subfield code="z">RUSH</subfield>
  </datafield>
</record>
